@misc{link1,
  howpublished = {\url{https://www.example.com}}
}

@misc{link2,
  howpublished = {\url{https://www.example.com}}
}

@book{texbook,
  author = {Donald E. Knuth},
  year = {1986},
  title = {The {\TeX} Book},
  publisher = {Addison-Wesley Professional}
}